@online{dataset-web, 
  title   = {Drug Review Dataset (Drugs.com) Data Set}, 
  url     = {https://archive.ics.uci.edu/ml/datasets/Drug+Review+Dataset+%28Drugs.com%29}, 
  urldate = {2019-03-28}, 
  author = {Surya Kallumadi and Felix Gr{\"a}{\ss}er}
}

@online{fingerprints,
title = {Molecular fingerprints and similarity searching},
author = {Open Babel v2.3.0 documentation},
url = {http://openbabel.org/docs/dev/Features/Fingerprints.html},
urldate = {2019-03-30},
}

@online{r-cluster,
title = {cluster: ``Finding Groups in Data": Cluster Analysis Extended Rousseeuw et al.},
url = {https://cran.r-project.org/web/packages/cluster/index.html},
urldate = {2019-03-31},
author = {Martin Maechler and Peter Rousseeuw and Anja Struyf and Mia Hubert and Kurt Hornik and Matthias Studer and Pierre Roudier and Juan Gonzalez and Kamil Kozlowski},
}

@online{r-arules,
title = {arules: Mining Association Rules and Frequent Itemsets},
url = {https://cran.r-project.org/web/packages/arules/index.html},
urldate = {2019-03-31},
author = {Michael Hahsler and Christian Buchta and Bettina Gruen and Kurt Hornik and Ian Johnson and Christian Borgelt},
year = {2019},
}

@online{r-fpc,
url={https://cran.r-project.org/web/packages/fpc/index.html},
urldate = {2019-03-17},
title = {fpc: Flexible Procedures for Clustering},
author = {Christian Hennig},
}

@online{pcp,
author = {Matt Swain},
title = {PubChemPy documentation},
url = {https://pubchempy.readthedocs.io/en/latest/},
urldate = {2019-03-29},
}

@online{ari-formula,
url = {https://en.wikipedia.org/wiki/Rand_index},
urldate = {2019-04-02},
title = {Rand index},
date = {26 November, 2018},
}

@misc{class-notes-arules,
title={STATS 780/CSE 780: Lecture2 - Association Rules},
author={Sharon McNicholas},
url={https://macdrive.mcmaster.ca/d/88240915f3e04d538971/},
urldate= {2019-01-13}
}

@proceedings{paper-analysis,
    author = {Felix Gr{\"a}{\ss}er and Surya Kallumadi and Hagen Malberg and Sebastian Zaunseder},
    title = {Aspect-Based Sentiment Analysis of Drug Reviews Applying Cross-Domain and Cross-Data Learning},
    series = {DH'18: 2018 International Digital Health Conference},
    pages = {121-125},
    year = {2018},
    month = {April},
    doi = {https://doi.org/10.1145/3194658.3194677}
}

@proceedings{apriori-paper,
author = {Rakesh Agrawal and Ramakrishnan Srikant},
title = {Fast Algorithms for Mining Association Rules},
year = {1994},
series = {Proceedings of the 20th VLDB Conference},
pages = {487-499}
}


@article{pubchem,
author = {S Kim and J Chen and T Cheng and A Gindulyte and J He and S He and Q Li and BA Shoemaker and PA Thiessen and B Yu and L Zaslavsky and J Zhang and EE Bolton},
title = {PubChem 2019 update: improved access to chemical data},
journal = {Nucleic Acids Res.},
year = {2019},
month = {Jan},
day = {8},
volume = {47},
issue = {D1},
pages = {D1102-1109},
doi = {doi:10.1093/nar/gky1033}
}

@article{openbabel,
title = {Open Babel: An open chemical toolbox},
author = {Noel M O'Boyle and Michael Banck and Craig A James and Chris Morley and Tim Vandermeersch and Geoffrey R Hutchison},
journal = {Journal of Cheminformatics},
year = {2011},
month = {October},
volume = {3},
issue = {33},
doi = {doi.org/10.1186/1758-2946-3-33},
}

@article{pybel,
title = {PyBEL: a computational framework for Biological Expression Language},
author = {Charles Tapley Hoyt and Andrej Konotopez and Christian Ebeling},
journal = {Bioinformatics},
year = {2018},
month = {February},
pages = {703-704},
doi = {doi.org/10.1093/bioinformatics/btx660},
volume = {34},
issue = {4},
}

@article{matplotlib,
  Author    = {Hunter, J. D.},
  Title     = {Matplotlib: A 2D graphics environment},
  Journal   = {Computing In Science \& Engineering},
  Volume    = {9},
  Number    = {3},
  Pages     = {90--95},
  abstract  = {Matplotlib is a 2D graphics package used for Python
  for application development, interactive scripting, and
  publication-quality image generation across user
  interfaces and operating systems.},
  publisher = {IEEE COMPUTER SOC},
  doi       = {10.1109/MCSE.2007.55},
  year      = 2007
}

@online{hclust-r,
url = {https://stat.ethz.ch/R-manual/R-patched/library/stats/html/hclust.html},
urldate = {2019-03-10},
title = {Hierarchical Clustering},
author = {F. Murtagh},
}

@online{kmeans-r,
url = {https://stat.ethz.ch/R-manual/R-devel/library/stats/html/kmeans.html},
urldate = {2019-03-17},
title = {K-Means Clustering},
}

@online{stats-r,
url = {https://stat.ethz.ch/R-manual/R-devel/library/stats/html/00Index.html#K},
urldate = {2019-03-17},
title = {The R Stats Package},
}

@online{fpc-r,
url={https://cran.r-project.org/web/packages/fpc/index.html},
urldate = {2019-03-17},
title = {fpc: Flexible Procedures for Clustering},
author = {Christian Hennig},
}

@article{ward,
title = {Ward's Hierarchical Clustering Method:
Clustering Criterion and Agglomerative
Algorithm},
author = {Fionn Murtagh and Pierre Legendre},
year = {2014},
journal = {Journal of Classification},
volume = {31},
number = {3},
pages = {274-295}
}

@online{mclust,
url = {https://cran.r-project.org/web/packages/mclust/index.html},
urldate = {2019-03-17},
title = {mclust: Gaussian Mixture Modelling for Model-Based Clustering, Classification, and Density Estimation},
author = {Chris Fraley and Adrian E. Raftery and Luca Scrucca and Thomas Brendan Murphy and Michael Fop},
}

@article{purchasing-paper,
    author = {Chen, Daqing and Sain, Sai Liang and Guo, Kun}, 
    title = {Data mining for the online retail industry: A case study of RFM model-based customer segmentation using data mining},
    journal = {Journal of Database Marketing and Customer Strategy Management},
    volume = {19},
    number = {3},
    pages = {197-208},
    year = {2012},
    month = {August},
    day = {27},
    doi = {10.1057/dbm.2012.17},
}

@proceedings{purchasing-analysis,
    author = {Ashishkumar Singh and Grace Rumantir and Annie South and Blair Bethwaite},
    title = {Clustering Experiments on Big Transaction Data for Market Segmentation},
    series = {Proceedings of the 2014 International Conference on Big Data Science and Computing},
    pages = {1-7},
    year = {2014},
    month = {August},
}

@misc{class-notes,
title={STATS 780/CSE 780: Lectures 12 and 13 - Introdution to Clustering},
author={Sharon McNicholas},
url={https://macdrive.mcmaster.ca/d/88240915f3e04d538971/},
urldate= {2019-03-05}
}


